@book{amari2016information,
  title={Information geometry and its applications},
  author={Amari, Shun-ichi},
  volume={194},
  year={2016},
  publisher={Springer}
}
@article{amari1998natural,
  title={Natural gradient works efficiently in learning},
  author={Amari, Shun-Ichi},
  journal={Neural computation},
  volume={10},
  number={2},
  pages={251--276},
  year={1998},
  publisher={MIT Press}
}

@book{amari2000methods,
  title={Methods of information geometry},
  author={Amari, Shun-ichi and Nagaoka, Hiroshi},
  year={2000},
  publisher={American Mathematical Society}
}

@article{yang1998complexity,
  title={On the complexity of neural network learning},
  author={Yang, Howard Hua and Amari, Shun-ichi},
  journal={Theoretical advances in neural computation and learning},
  pages={299--335},
  year={1998},
  publisher={Springer}
}

@article{park2000adaptive,
  title={Adaptive natural gradient learning algorithms for various stochastic models},
  author={Park, Hyeyoung and Amari, Shun-ichi and Fukumizu, Kenji},
  journal={Neural Networks},
  volume={13},
  number={7},
  pages={755--764},
  year={2000},
  publisher={Elsevier}
}

@inproceedings{martens2010deep,
  title={Deep learning via Hessian-free optimization},
  author={Martens, James},
  booktitle={Proceedings of the 27th International Conference on Machine Learning (ICML-10)},
  pages={735--742},
  year={2010}
}

@inproceedings{martens2015optimizing,
  title={Optimizing neural networks with kronecker-factored approximate curvature},
  author={Martens, James and Grosse, Roger},
  booktitle={International conference on machine learning},
  pages={2408--2417},
  year={2015},
  organization={PMLR}
}

@article{grosse2016kronecker,
  title={A kronecker-factored approximate fisher matrix for convolution layers},
  author={Grosse, Roger and Martens, James},
  journal={arXiv preprint arXiv:1602.01407},
  year={2016}
}

@inproceedings{peters2008natural,
  title={Natural actor-critic},
  author={Peters, Jan and Schaal, Stefan},
  booktitle={Neurocomputing},
  volume={71},
  number={7-9},
  pages={1180--1190},
  year={2008},
  organization={Elsevier}
}

@inproceedings{kakade2002natural,
  title={A natural policy gradient},
  author={Kakade, Sham M},
  booktitle={Advances in neural information processing systems},
  pages={1531--1538},
  year={2002}
}

@inproceedings{schulman2015trust,
  title={Trust region policy optimization},
  author={Schulman, John and Levine, Sergey and Abbeel, Pieter and Jordan, Michael and Moritz, Philipp},
  booktitle={International conference on machine learning},
  pages={1889--1897},
  year={2015},
  organization={PMLR}
}

@article{schulman2017proximal,
  title={Proximal policy optimization algorithms},
  author={Schulman, John and Wolski, Filip and Dhariwal, Prafulla and Radford, Alec and Klimov, Oleg},
  journal={arXiv preprint arXiv:1707.06347},
  year={2017}
}

@inproceedings{honkela2004variational,
  title={Variational learning and bits-back coding: an information-theoretic view to Bayesian learning},
  author={Honkela, Antti and Valpola, Harri},
  booktitle={IEEE Transactions on Neural Networks},
  volume={15},
  number={4},
  pages={800--810},
  year={2004},
  organization={IEEE}
}

@article{hoffman2013stochastic,
  title={Stochastic variational inference},
  author={Hoffman, Matthew D and Blei, David M and Wang, Chong and Paisley, John},
  journal={The Journal of Machine Learning Research},
  volume={14},
  number={1},
  pages={1303--1347},
  year={2013},
  publisher={JMLR. org}
}

@inproceedings{khan2017conjugate,
  title={Conjugate-computation variational inference: Converting variational inference in non-conjugate models to inferences in conjugate models},
  author={Khan, Mohammad Emtiyaz and Lin, Wu},
  booktitle={Artificial Intelligence and Statistics},
  pages={878--887},
  year={2017},
  organization={PMLR}
}

@inproceedings{ba2017distributed,
  title={Distributed second-order optimization using Kronecker-factored approximations},
  author={Ba, Jimmy and Grosse, Roger and Martens, James},
  booktitle={International Conference on Learning Representations},
  year={2017}
}

@inproceedings{george2018fast,
  title={Fast approximate natural gradient descent in a kronecker factored eigenbasis},
  author={George, Thomas and Laurent, C{\'e}sar and Bouthillier, Xavier and Ballas, Nicolas and Vincent, Pascal},
  booktitle={Advances in Neural Information Processing Systems},
  pages={9550--9560},
  year={2018}
}

@inproceedings{zhang2019theoretically,
  title={Theoretically principled trade-off between robustness and accuracy},
  author={Zhang, Hongyang and Yu, Yaodong and Jiao, Jiantao and Xing, Eric and El Ghaoui, Laurent and Jordan, Michael},
  booktitle={International Conference on Machine Learning},
  pages={7472--7482},
  year={2019},
  organization={PMLR}
}

@article{kunstner2019limitations,
  title={Limitations of the empirical Fisher approximation for natural gradient descent},
  author={Kunstner, Frederik and Hennig, Philipp and Balles, Lukas},
  journal={Advances in Neural Information Processing Systems},
  volume={32},
  year={2019}
}

@article{bernacchia2019exact,
  title={The dynamics of learning with feedback alignment},
  author={Bernacchia, Alberto and Lengyel, M{\'a}t{\'e} and Hennequin, Guillaume},
  journal={Advances in Neural Information Processing Systems},
  volume={32},
  year={2019}
}

@article{wu2020noisy,
  title={Noisy adaptive gradient descent for overparameterized linear models},
  author={Wu, Xiaoxia and Roberts, Stephen J and Gal, Yarin},
  journal={arXiv preprint arXiv:2006.13022},
  year={2020}
}

@inproceedings{amid2023unified,
  title={A unified framework for adaptive optimization algorithms based on information geometry},
  author={Amid, Ehsan and Warmuth, Manfred K},
  booktitle={International Conference on Machine Learning},
  year={2023}
}

@article{jeffreys1946invariant,
  title={An invariant form for the prior probability in estimation problems},
  author={Jeffreys, Harold},
  journal={Proceedings of the Royal Society of London. Series A. Mathematical and Physical Sciences},
  volume={186},
  number={1007},
  pages={453--461},
  year={1946},
  publisher={The Royal Society London}
}

@article{rao1945information,
  title={Information and the accuracy attainable in the estimation of statistical parameters},
  author={Rao, Calyampudi Radhakrishna},
  journal={Bulletin of the Calcutta Mathematical Society},
  volume={37},
  pages={81--91},
  year={1945}
}
@article{maliar2021deep,
  title={Deep learning for solving dynamic economic models.},
  author={Maliar, Lilia and Maliar, Serguei and Winant, Pablo},
  journal={Journal of Monetary Economics},
  volume={122},
  pages={76--101},
  year={2021},
  publisher={Elsevier}
}
@techreport{beck2024deep,
  title={Deep learning solutions of DSGE models: a technical report},
  author={Beck, Pierre and Sanchez, Pablo Garcia and Moura, Alban and Pascal, Julien and Pierrard, Olivier},
  year={2024},
  institution={Central Bank of Luxembourg}
}
@article{amari1998natural,
  title={Natural gradient works efficiently in learning},
  author={Amari, Shun-Ichi},
  journal={Neural Computation},
  volume={10},
  number={2},
  pages={251--276},
  year={1998},
  publisher={MIT Press}
}

@book{amari2000methods,
  title={Methods of Information Geometry},
  author={Amari, Shun-ichi and Nagaoka, Hiroshi},
  year={2000},
  publisher={American Mathematical Society},
  address={Providence, RI},
  series={Translations of Mathematical Monographs},
  volume={191}
}

@article{yang1998complexity,
  title={Complexity issues in natural gradient descent method for training multilayer perceptrons},
  author={Yang, Howard Hua and Amari, Shun-ichi},
  journal={Neural Computation},
  volume={10},
  number={8},
  pages={2137--2157},
  year={1998},
  publisher={MIT Press}
}

@inproceedings{martens2010deep,
  title={Deep learning via {H}essian-free optimization},
  author={Martens, James},
  booktitle={Proceedings of the 27th International Conference on Machine Learning (ICML-10)},
  pages={735--742},
  year={2010}
}

@inproceedings{martens2015optimizing,
  title={Optimizing neural networks with {K}ronecker-factored approximate curvature},
  author={Martens, James and Grosse, Roger},
  booktitle={International Conference on Machine Learning},
  pages={2408--2417},
  year={2015},
  organization={PMLR}
}

@inproceedings{ba2017distributed,
  title={Distributed second-order optimization using {K}ronecker-factored approximations},
  author={Ba, Jimmy and Grosse, Roger and Martens, James},
  booktitle={International Conference on Learning Representations},
  year={2017}
}

@inproceedings{george2018fast,
  title={Fast approximate natural gradient descent in a kronecker factored eigenbasis},
  author={George, Thomas and Laurent, C{\'e}sar and Bouthillier, Xavier and Ballas, Nicolas and Vincent, Pascal},
  booktitle={Advances in Neural Information Processing Systems},
  pages={9550--9560},
  year={2018}
}

@inproceedings{dauphin2014identifying,
  title={Identifying and attacking the saddle point problem in high-dimensional non-convex optimization},
  author={Dauphin, Yann N and Pascanu, Razvan and Gulcehre, Caglar and Cho, Kyunghyun and Ganguli, Surya and Bengio, Yoshua},
  booktitle={Advances in Neural Information Processing Systems},
  pages={2933--2941},
  year={2014}
}

@article{kunstner2019limitations,
  title={Limitations of the empirical {F}isher approximation for natural gradient descent},
  author={K{\"u}nstner, Frederik and Hennig, Philipp and Balles, Lukas},
  journal={Advances in Neural Information Processing Systems},
  volume={32},
  year={2019}
}

@article{fernandez2016solution,
  title={Solution methods for models with singular shocks near the zero lower bound},
  author={Fern{\'a}ndez-Villaverde, Jes{\'u}s and Gordon, Grey and Guerr{\'o}n-Quintana, Pablo and Rubio-Ram{\'\i}rez, Juan F},
  journal={American Economic Review},
  volume={106},
  number={5},
  pages={277--81},
  year={2016}
}

@article{judd2017solution,
  title={Solution methods for models with rare disasters},
  author={Judd, Kenneth L and Maliar, Lilia and Maliar, Serguei and Tsener, Inna},
  journal={Journal of Economic Dynamics and Control},
  volume={83},
  pages={165--189},
  year={2017},
  publisher={Elsevier}
}

@article{maliar2021deep,
  title={Deep learning for solving dynamic economic models},
  author={Maliar, Lilia and Maliar, Serguei and Winant, Pablo},
  journal={Journal of Monetary Economics},
  volume={122},
  pages={76--101},
  year={2021},
  publisher={Elsevier}
}

@article{beck2024deep,
  title={Deep learning methods for solving macroeconomic models with heterogeneity and occasionally binding constraints},
  author={Beck, Guido and Guido, Pierfrancesco and Lind{\'e}, Jesper},
  journal={Journal of Economic Dynamics and Control},
  volume={158},
  pages={104771},
  year={2024},
  publisher={Elsevier}
}

@article{villa2021solution,
  title={Solution method for macroeconomic models: Using deep learning to solve high-dimensional dynamic models},
  author={Villa, Alessandro T and Yang, Dongchen},
  journal={Journal of Economic Dynamics and Control},
  volume={131},
  pages={104227},
  year={2021},
  publisher={Elsevier}
}

@article{azinovic2022deep,
  title={Deep learning for solving dynamic economic models},
  author={Azinovic, Marlon and Gaegauf, Luca and Sch{\"a}rfhedin, Simon},
  journal={Journal of Econometrics},
  volume={231},
  number={1},
  pages={249--275},
  year={2022},
  publisher={Elsevier}
}

@article{fernandez2020neural,
  title={Neural networks for economic modeling: Improvements and new directions},
  author={Fern{\'a}ndez-Villaverde, Jes{\'u}s and Guerr{\'o}n-Quintana, Pablo and Sch{\'o}n, Thomas B},
  journal={Review of Economic Dynamics},
  volume={38},
  pages={307--327},
  year={2020},
  publisher={Elsevier}
}

@article{duarte2018machine,
  title={Machine learning for continuous-time economics},
  author={Duarte, Victor},
  journal={Journal of Economic Dynamics and Control},
  volume={90},
  pages={289--316},
  year={2018},
  publisher={Elsevier}
}

@article{rao1945information,
  title={Information and the accuracy attainable in the estimation of statistical parameters},
  author={Rao, Calyampudi Radhakrishna},
  journal={Bulletin of the Calcutta Mathematical Society},
  volume={37},
  pages={81--91},
  year={1945}
}

@article{jeffreys1946invariant,
  title={An invariant form for the prior probability in estimation problems},
  author={Jeffreys, Harold},
  journal={Proceedings of the Royal Society of London. Series A, Mathematical and Physical Sciences},
  volume={186},
  number={1007},
  pages={453--461},
  year={1946},
  publisher={The Royal Society London}
}

@article{peters2008natural,
  title={Natural actor-critic},
  author={Peters, Jan and Schaal, Stefan},
  journal={Neurocomputing},
  volume={71},
  number={7-9},
  pages={1180--1190},
  year={2008},
  publisher={Elsevier}
}

@inproceedings{schulman2015trust,
  title={Trust region policy optimization},
  author={Schulman, John and Levine, Sergey and Abbeel, Pieter and Jordan, Michael and Moritz, Philipp},
  booktitle={International Conference on Machine Learning},
  pages={1889--1897},
  year={2015},
  organization={PMLR}
}

@inproceedings{schulman2017proximal,
  title={Proximal policy optimization algorithms},
  author={Schulman, John and Wolski, Filip and Dhariwal, Prafulla and Radford, Alec and Klimov, Oleg},
  booktitle={arXiv preprint arXiv:1707.06347},
  year={2017}
}
@article{cauchy1847methode,
  title={M{\'e}thode g{\'e}n{\'e}rale pour la r{\'e}solution des syst{\`e}ms d'{\'e}quations simultan{\'e}es},
  author={Cauchy, Augustin-Louis},
  journal={Comptes Rendus de l'Acad{\'e}mie des Sciences},
  volume={25},
  number={2},
  pages={536--538},
  year={1847}
}

@article{robbins1951stochastic,
  title={A stochastic approximation method},
  author={Robbins, Herbert and Monro, Sutton},
  journal={The Annals of Mathematical Statistics},
  volume={22},
  number={3},
  pages={400--407},
  year={1951},
  publisher={JSTOR}
}

@article{rumelhart1986learning,
  title={Learning representations by back-propagating errors},
  author={Rumelhart, David E and Hinton, Geoffrey E and Williams, Ronald J},
  journal={Nature},
  volume={323},
  number={6088},
  pages={533--536},
  year={1986},
  publisher={Nature Publishing Group}
}

@article{fukumizu2000local,
  title={Local minima and plateaus in hierarchical structures of multilayer perceptrons},
  author={Fukumizu, Kenji and Amari, Shun-ichi},
  journal={Neural Networks},
  volume={13},
  number={3},
  pages={317--327},
  year={2000},
  publisher={Elsevier}
}

@article{wei2008dynamics,
  title={Dynamics of gradient descent learning in artificial neural networks: A general framework and case studies},
  author={Wei, Haikun and Zhang, Jun},
  journal={Neurocomputing},
  volume={72},
  number={1-3},
  pages={297--308},
  year={2008},
  publisher={Elsevier}
}

@article{pascanu2014saddle,
  title={On the saddle point problem for non-convex optimization},
  author={Pascanu, Razvan and Dauphin, Yann N and Ganguli, Surya and Bengio, Yoshua},
  journal={arXiv preprint arXiv:1405.4604},
  year={2014}
}

@inproceedings{zhang2019fast,
  title={Fast convergence of natural gradient descent for over-parameterized neural networks},
  author={Zhang, Guodong and Zhang, Chaoqi and Jiang, Zebang and Grosse, Roger},
  booktitle={Advances in Neural Information Processing Systems},
  pages={8636--8647},
  year={2019}
}

@inproceedings{dauphin2014identifying,
  title={Identifying and attacking the saddle point problem in high-dimensional non-convex optimization},
  author={Dauphin, Yann N and Pascanu, Razvan and Gulcehre, Caglar and Cho, Kyunghyun and Ganguli, Surya and Bengio, Yoshua},
  booktitle={Advances in Neural Information Processing Systems},
  pages={2933--2941},
  year={2014}
}
@article{cybenko1989approximation,
  title={Approximation by superpositions of a sigmoidal function},
  author={Cybenko, George},
  journal={Mathematics of Control, Signals and Systems},
  volume={2},
  number={4},
  pages={303--314},
  year={1989},
  publisher={Springer}
}

@article{hornik1989multilayer,
  title={Multilayer feedforward networks are universal approximators},
  author={Hornik, Kurt and Stinchcombe, Maxwell and White, Halbert},
  journal={Neural Networks},
  volume={2},
  number={5},
  pages={359--366},
  year={1989},
  publisher={Elsevier}
}

@article{barron1993universal,
  title={Universal approximation bounds for superpositions of a sigmoidal function},
  author={Barron, Andrew R},
  journal={IEEE Transactions on Information Theory},
  volume={39},
  number={3},
  pages={930--945},
  year={1993},
  publisher={IEEE}
}

@article{leshno1993multilayer,
  title={Multilayer feedforward networks with a nonpolynomial activation function can approximate any function},
  author={Leshno, Moshe and Lin, Vladimir Ya and Pinkus, Allan and Schocken, Shimon},
  journal={Neural Networks},
  volume={6},
  number={6},
  pages={861--867},
  year={1993},
  publisher={Elsevier}
}
@book{goodfellow2016deep,
  title={Deep learning},
  author={Goodfellow, Ian and Bengio, Yoshua and Courville, Aaron and Bengio, Yoshua},
  volume={1},
  number={2},
  year={2016},
  publisher={MIT press Cambridge}
}
@article{rumelhart1986learning,
  title={Learning representations by back-propagating errors},
  author={Rumelhart, David E and Hinton, Geoffrey E and Williams, Ronald J},
  journal={Nature},
  volume={323},
  number={6088},
  pages={533--536},
  year={1986},
  publisher={Nature Publishing Group}
}
@article{amari1998natural,
  title={Natural gradient works efficiently in learning},
  author={Amari, Shun-ichi},
  journal={Neural Computation},
  volume={10},
  number={2},
  pages={251--276},
  year={1998},
  publisher={MIT Press}
}

@article{martens2020new,
  title={New insights and perspectives on the natural gradient method},
  author={Martens, James and Grosse, Roger},
  journal={Journal of Machine Learning Research},
  volume={21},
  number={146},
  pages={1--76},
  year={2020}
}

@inproceedings{dauphin2014identifying,
  title={Identifying and attacking the saddle point problem in high-dimensional non-convex optimization},
  author={Dauphin, Yann and Pascanu, Razvan and Gulcehre, Caglar and Cho, Kyunghyun and Ganguli, Surya and Bengio, Yoshua},
  booktitle={Advances in Neural Information Processing Systems},
  volume={27},
  year={2014}
}

@inproceedings{pascanu2013revisiting,
  title={Revisiting natural gradient for deep networks},
  author={Pascanu, Razvan and Bengio, Yoshua},
  booktitle={International Conference on Learning Representations},
  year={2013}
}

@article{ollivier2017information,
  title={Information-geometric optimization algorithms: A unifying picture via invariance principles},
  author={Ollivier, Yann},
  journal={Journal of Machine Learning Research},
  volume={18},
  number={18},
  pages={1--65},
  year={2017}
}