@article{jaakkola1993convergence,
  title={Convergence of stochastic iterative dynamic programming algorithms},
  author={Jaakkola, Tommi and Jordan, Michael and Singh, Satinder},
  journal={Advances in neural information processing systems},
  volume={6},
  year={1993}
}

@article{tsitsiklis1994asynchronous,
  title={Asynchronous stochastic approximation and Q-learning},
  author={Tsitsiklis, John N},
  journal={Machine learning},
  volume={16},
  pages={185--202},
  year={1994},
  publisher={Springer}
}

@incollection{robbins1971convergence,
  title={A convergence theorem for non negative almost supermartingales and some applications},
  author={Robbins, Herbert and Siegmund, David},
  booktitle={Optimizing methods in statistics},
  pages={233--257},
  year={1971},
  publisher={Elsevier}
}

